@misc{openai2021chatgpt,
  author = {OpenAI},
  title = {ChatGPT},
  year = {2021},
  howpublished = {\url{https://openai.com}},
  note = {Version May 24, accessed on 2023-06-14}
}

@misc{chatgptconversation,
  author = {Christian Rene Thelen},
  title = {Conversation with ChatGPT: Eigenvalues \& Eigenvectors},
  howpublished = {Chat with OpenAI's ChatGPT model},
  year = {2023},
  month = {06},
  note = {Version May 24, accessed on 2023-06-14},
  url = {https://chat.openai.com/share/c48bc91a-607c-4f7f-ba5c-b763724586ce}
}

@misc{turpin2023language,
  title={Language Models Don't Always Say What They Think: Unfaithful Explanations in Chain-of-Thought Prompting},
  author={Miles Turpin and Julian Michael and Ethan Perez and Samuel R. Bowman},
  year={2023},
  eprint={2305.04388},
  archivePrefix={arXiv},
  primaryClass={cs.CL}
}